<?xml version="1.0" encoding="UTF-8"?><collection xmlns="http://www.loc.gov/MARC21/slim"><record><leader>00530nam--2200193-i-4500</leader><controlfield tag="001">000016816</controlfield><controlfield tag="002">20161230</controlfield><controlfield tag="005">20161230201032</controlfield><controlfield tag="008">060222s1000------------r-----000-0-eng-d</controlfield><datafield ind1=" " ind2=" " tag="020"><subfield code="a">7030007573/O198</subfield></datafield><datafield ind1=" " ind2=" " tag="040"><subfield code="a">IFIN-HH</subfield></datafield><datafield ind1=" " ind2=" " tag="080"><subfield code="a">537.6</subfield></datafield><datafield ind1="1" ind2=" " tag="100"><subfield code="a">Barbara, B</subfield></datafield><datafield ind1="1" ind2="0" tag="245"><subfield code="a">Lectures on modern magnetism. with 128 figures and 22 tables</subfield><subfield code="c">B. barbara; d. gignoux; c. vettier</subfield></datafield><datafield ind1=" " ind2=" " tag="260"><subfield code="a">Beijing</subfield><subfield code="b">Science Press</subfield><subfield code="c">1988</subfield></datafield><datafield ind1=" " ind2=" " tag="300"><subfield code="a">231 P</subfield></datafield><datafield ind1="1" ind2=" " tag="700"><subfield code="a">Vettier, C</subfield></datafield><datafield ind1=" " ind2=" " tag="852"><subfield code="a">78659</subfield><subfield code="c">537:538</subfield></datafield><datafield ind1=" " ind2=" " tag="CAT"><subfield code="a">Sys</subfield><subfield code="c">20110630</subfield><subfield code="h">114127</subfield></datafield></record></collection>